@article{doi:10.1093/nar/gkq041,
author = {Richard, Hugues and Schulz, Marcel H. and Sultan, Marc and NuÌˆrnberger, Asja and Schrinner, Sabine and Balzereit, Daniela and Dagand, Emilie and Rasche, Axel and Lehrach, Hans and Vingron, Martin and Haas, Stefan A. and Yaspo, Marie-Laure},
title = {Prediction of alternative isoforms from exon expression levels in RNA-Seq experiments},
journal = {Nucleic Acids Research},
volume = {38},
number = {10},
pages = {e112},
year = {2010},
doi = {10.1093/nar/gkq041},
URL = { + http://dx.doi.org/10.1093/nar/gkq041},
eprint = {/oup/backfile/content_public/journal/nar/38/10/10.1093_nar_gkq041/1/gkq041.pdf}
}
@article{10.1371/journal.pbio.1000480,
    author = {Cheung, Vivian G. AND Nayak, Renuka R. AND Wang, Isabel Xiaorong AND Elwyn, Susannah AND Cousins, Sarah M. AND Morley, Michael AND Spielman, Richard S.},
    journal = {PLOS Biology},
    publisher = {Public Library of Science},
    title = {Polymorphic Cis- and Trans-Regulation of Human Gene Expression},
    year = {2010},
    month = {09},
    volume = {8},
    url = {https://doi.org/10.1371/journal.pbio.1000480},
    pages = {1-14},
    abstract = {Using genetic and molecular analyses, we identified over 1,000 polymorphic regulators that regulate expression levels of human genes.},
    number = {9},
    doi = {10.1371/journal.pbio.1000480}
}